%% This BibTeX bibliography file was created using BibDesk.
%% http://bibdesk.sourceforge.net/


%% Created for Anouk Visser at 2014-06-17 11:44:51 +0200 


%% Saved with string encoding Unicode (UTF-8) 



@article{survey,
	Author = {Navigli, Roberto},
	Date-Added = {2014-06-17 09:43:40 +0000},
	Date-Modified = {2014-06-17 09:44:40 +0000},
	Journal = {ACM Computing Surveys (CSUR)},
	Number = {2},
	Pages = {10},
	Title = {Word sense disambiguation: A survey},
	Volume = {41},
	Year = {2009}}

@inproceedings{relatedness,
	Author = {Guthrie, Joe A and Guthrie, Louise and Wilks, Yorick and Aidinejad, Homa},
	Booktitle = {Proceedings of the 29th annual meeting on Association for Computational Linguistics},
	Date-Added = {2014-06-17 09:40:57 +0000},
	Date-Modified = {2014-06-17 09:41:44 +0000},
	Organization = {Association for Computational Linguistics},
	Pages = {146--152},
	Title = {Subject-dependent co-occurrence and word sense disambiguation},
	Year = {1991}}
